<?xml version="1.0" encoding="UTF-8"?>
<collection xmlns:xsi="http://www.w3.org/2001/XMLSchema-instance" xsi:schemaLocation="http://www.loc.gov/MARC21/slim http://www.loc.gov/standards/marcxml/schema/MARC21slim.xsd" xmlns="http://www.loc.gov/MARC21/slim">
<record>
  <leader>00946cam a2200241Ma 4500</leader>
  <controlfield tag="001">3073994</controlfield>
  <controlfield tag="003">NNC</controlfield>
  <controlfield tag="005">20130426015617.0</controlfield>
  <controlfield tag="008">961216s1953    ua       b    001 0 arard</controlfield>
  <datafield tag="035" ind1=" " ind2=" ">
    <subfield code="a">(OCoLC)ocm36513838</subfield>
  </datafield>
  <datafield tag="035" ind1=" " ind2=" ">
    <subfield code="9">ATP7148CU</subfield>
  </datafield>
  <datafield tag="035" ind1=" " ind2=" ">
    <subfield code="a">(NNC)3073994</subfield>
  </datafield>
  <datafield tag="040" ind1=" " ind2=" ">
    <subfield code="a">RBN</subfield>
    <subfield code="c">RBN</subfield>
    <subfield code="d">ZCU</subfield>
  </datafield>
  <datafield tag="050" ind1="1" ind2="4">
    <subfield code="a">PJ6161</subfield>
    <subfield code="b">.K54x 1953</subfield>
  </datafield>
  <datafield tag="099" ind1=" " ind2=" ">
    <subfield code="a">893.741</subfield>
    <subfield code="a">K526</subfield>
  </datafield>
  <datafield tag="100" ind1="1" ind2=" ">
    <subfield code="a">Khafājī, ʻAbd Allāh ibn Muḥammad,</subfield>
    <subfield code="d">1031 or 1032-1073 or 1074.</subfield>
  </datafield>
  <datafield tag="245" ind1="1" ind2="0">
    <subfield code="a">Sirr al-faṣāḥah /</subfield>
    <subfield code="c">li-Abī Muḥammad ʻAbd Allāh ibn Muḥammad ibn Saʻīd ibn Sinān al-Khafājī ; ṣaḥḥaḥahu wa-ʻallaqa ʻalayhi ʻAbd al-Mutaʻāl al-Ṣaʻīdī.</subfield>
  </datafield>
  <datafield tag="260" ind1=" " ind2=" ">
    <subfield code="a">Miṣr :</subfield>
    <subfield code="b">Maktabat wa-Maṭbaʻat Muḥammad ʻAlī Ṣubayḥ,</subfield>
    <subfield code="c">1953.</subfield>
  </datafield>
  <datafield tag="300" ind1=" " ind2=" ">
    <subfield code="a">15, 367 p. ;</subfield>
    <subfield code="c">23 cm.</subfield>
  </datafield>
  <datafield tag="504" ind1=" " ind2=" ">
    <subfield code="a">Includes bibliographical references and indexes.</subfield>
  </datafield>
  <datafield tag="650" ind1=" " ind2="0">
    <subfield code="a">Arabic language</subfield>
    <subfield code="x">Rhetoric.</subfield>
  </datafield>
  <datafield tag="700" ind1="1" ind2=" ">
    <subfield code="a">Ṣaʻīdī, ʻAbd al-Mutaʻāl,</subfield>
    <subfield code="d">1894-</subfield>
  </datafield>
  <datafield tag="955" ind1=" " ind2=" ">
    <subfield code="b">CU58884173</subfield>
    <subfield code="d">off,glx</subfield>
    <subfield code="e">893.741 K526</subfield>
  </datafield>
</record>
</collection>